@book{Ambler:2012:DAD:2339424,
 author = {Ambler, Scott W. and Lines, Mark},
 title = {Disciplined Agile Delivery: A Practitioner's Guide to Agile Software Delivery in the Enterprise},
 year = {2012},
 isbn = {0132810131, 9780132810135},
 edition = {1st},
 publisher = {IBM Press},
}
